<?xml version="1.0" encoding="UTF-8"?><record xmlns="http://www.loc.gov/MARC21/slim" xmlns:cinclude="http://apache.org/cocoon/include/1.0" xmlns:zs="http://www.loc.gov/zing/srw/">
  <leader>00695nz  a2200169n  4500</leader>
  <controlfield tag="001">nr 92023068 </controlfield>
  <controlfield tag="003">DLC</controlfield>
  <controlfield tag="005">19920706052425.8</controlfield>
  <controlfield tag="008">920625n| acannaab|          |a aaa     c</controlfield>
  <datafield tag="010" ind1=" " ind2=" ">
    <subfield code="a">nr 92023068 </subfield>
  </datafield>
  <datafield tag="040" ind1=" " ind2=" ">
    <subfield code="a">MWA</subfield>
    <subfield code="c">MWA</subfield>
  </datafield>
  <datafield tag="100" ind1="1" ind2="0">
    <subfield code="a">Goodwin, H. C.</subfield>
    <subfield code="q">(Henry Charles),</subfield>
    <subfield code="d">1824-1860</subfield>
  </datafield>
  <datafield tag="400" ind1="1" ind2="0">
    <subfield code="a">Goodwin, Henry Charles,</subfield>
    <subfield code="d">1824-1860</subfield>
  </datafield>
  <datafield tag="670" ind1=" " ind2=" ">
    <subfield code="a">His Speech of Hon. H.C. Goodwin, of N.Y. on the territorial policy, 1855.</subfield>
  </datafield>
  <datafield tag="670" ind1=" " ind2=" ">
    <subfield code="a">NUC pre-1956</subfield>
    <subfield code="b">(Goodwin, Henry Charles, 1824-1860)</subfield>
  </datafield>
  <datafield tag="670" ind1=" " ind2=" ">
    <subfield code="a">Biog. dir. of the U.S. Congress, 1989</subfield>
    <subfield code="b">(Goodwin, Henry Charles; representative from N.Y.; lawyer; b. 6/25/1824; d. 11/12/1860)</subfield>
  </datafield>
  <datafield tag="670" ind1=" " ind2=" ">
    <subfield code="a">MWA/NAIP files</subfield>
    <subfield code="b">(hdg.: Goodwin, H. C. (Henry Charles), 1824-1860)</subfield>
  </datafield>
</record>